@ARTICLE{worrall_hnets_2016,
   author = {{Worrall}, D.~E. and {Garbin}, S.~J. and {Turmukhambetov}, D. and 
	{Brostow}, G.~J.},
    title = "{Harmonic Networks: Deep Translation and Rotation Equivariance}",
  journal = {ArXiv e-prints},
archivePrefix = "arXiv",
   eprint = {1612.04642},
 primaryClass = "cs.CV",
 keywords = {Computer Science - Computer Vision and Pattern Recognition, Computer Science - Learning, Statistics - Machine Learning},
     year = 2016,
    month = dec,
   adsurl = {http://adsabs.harvard.edu/abs/2016arXiv161204642W},
  adsnote = {Provided by the SAO/NASA Astrophysics Data System}
}
